<record><leader>00000cas a2200000 a 4500</leader><controlfield tag="001">12827694</controlfield><controlfield tag="008">851121d1833183uohuwr ne      0    0eng  </controlfield><datafield ind1=" " ind2=" " tag="010"><subfield code="a">sn 85042745 </subfield></datafield><datafield ind1=" " ind2=" " tag="040"><subfield code="a">DLC</subfield><subfield code="b">eng</subfield><subfield code="c">DLC</subfield><subfield code="d">ONP</subfield><subfield code="d">NVF</subfield><subfield code="d">OCLCO</subfield><subfield code="d">OCLCQ</subfield><subfield code="d">OCLCF</subfield></datafield><datafield ind1="1" ind2=" " tag="029"><subfield code="a">AU@</subfield><subfield code="b">000024852880</subfield></datafield><datafield ind1=" " ind2=" " tag="042"><subfield code="a">pcc</subfield></datafield><datafield ind1=" " ind2=" " tag="043"><subfield code="a">n-us-oh</subfield></datafield><datafield ind1="0" ind2="0" tag="050"><subfield code="a">Newspaper 9214-X</subfield></datafield><datafield ind1="0" ind2=" " tag="130"><subfield code="a">Belmont journal (Saint Clairsville, Ohio)</subfield></datafield><datafield ind1="1" ind2="0" tag="245"><subfield code="a">Belmont journal.</subfield></datafield><datafield ind1=" " ind2=" " tag="260"><subfield code="a">St. Clairsville, Ohio :</subfield><subfield code="b">D.M. McPherson</subfield></datafield><datafield ind1=" " ind2=" " tag="300"><subfield code="a">v.</subfield></datafield><datafield ind1=" " ind2=" " tag="310"><subfield code="a">Weekly</subfield></datafield><datafield ind1="1" ind2=" " tag="362"><subfield code="a">Began with July 13, 1833 issue; ceased with Feb. 22, 1834 issue?</subfield></datafield><datafield ind1=" " ind2=" " tag="500"><subfield code="a">"National Republican." Cf. Gutgesell, S. Guide to Ohio newspapers, 1974.</subfield></datafield><datafield ind1=" " ind2=" " tag="588"><subfield code="a">Description based on: Vol. 1, no. 2 (July 20, 1833).</subfield></datafield><datafield ind1=" " ind2="0" tag="651"><subfield code="a">Saint Clairsville (Ohio)</subfield><subfield code="v">Newspapers.</subfield></datafield><datafield ind1=" " ind2="7" tag="655"><subfield code="a">Newspapers.</subfield><subfield code="2">fast</subfield><subfield code="0">(OCoLC)fst01423814</subfield></datafield><datafield ind1=" " ind2="7" tag="651"><subfield code="a">Ohio</subfield><subfield code="z">Saint Clairsville.</subfield><subfield code="2">fast</subfield><subfield code="0">(OCoLC)fst01222381</subfield></datafield><datafield ind1=" " ind2=" " tag="752"><subfield code="a">United States</subfield><subfield code="b">Ohio</subfield><subfield code="c">Belmont</subfield><subfield code="d">Saint Clairsville.</subfield></datafield><datafield ind1="0" ind2="0" tag="780"><subfield code="t">National historian (Saint Clairsville, Ohio : 1831)</subfield><subfield code="w">(DLC)sn 86079045</subfield></datafield><datafield ind1="0" ind2="0" tag="785"><subfield code="t">Belmont journal &amp; enquirer</subfield><subfield code="w">(DLC)sn 85042746</subfield></datafield></record>